<record><leader>00000cas a22000007a 4500</leader><controlfield tag="001">8793240</controlfield><controlfield tag="008">820921d18501851causr ne      0   a0eng  </controlfield><datafield ind1=" " ind2=" " tag="010"><subfield code="a">sn 82014860 </subfield></datafield><datafield ind1=" " ind2=" " tag="040"><subfield code="a">DLC</subfield><subfield code="b">eng</subfield><subfield code="c">DLC</subfield><subfield code="d">NPU</subfield><subfield code="d">DLC</subfield><subfield code="d">MGN</subfield><subfield code="d">CNK</subfield><subfield code="d">OCL</subfield><subfield code="d">OCLCO</subfield><subfield code="d">OCLCQ</subfield><subfield code="d">OCLCF</subfield><subfield code="d">OCLCO</subfield></datafield><datafield ind1="1" ind2=" " tag="029"><subfield code="a">AU@</subfield><subfield code="b">000025823001</subfield></datafield><datafield ind1=" " ind2=" " tag="042"><subfield code="a">msc</subfield></datafield><datafield ind1=" " ind2=" " tag="043"><subfield code="a">n-us-ca</subfield></datafield><datafield ind1="0" ind2="0" tag="050"><subfield code="a">Newspaper 7114-X</subfield></datafield><datafield ind1="0" ind2=" " tag="130"><subfield code="a">California public balance (San Francisco, Calif. : 1850)</subfield></datafield><datafield ind1="1" ind2="0" tag="245"><subfield code="a">California public balance.</subfield></datafield><datafield ind1="1" ind2="3" tag="246"><subfield code="a">Public balance</subfield></datafield><datafield ind1=" " ind2=" " tag="250"><subfield code="a">Steamer ed.</subfield></datafield><datafield ind1=" " ind2=" " tag="260"><subfield code="a">San Francisco, Calif. :</subfield><subfield code="b">[s.n.]</subfield></datafield><datafield ind1=" " ind2=" " tag="300"><subfield code="a">v. ;</subfield><subfield code="c">60-69 cm.</subfield></datafield><datafield ind1=" " ind2=" " tag="310"><subfield code="a">Semimonthly</subfield></datafield><datafield ind1="1" ind2=" " tag="362"><subfield code="a">Began Dec. 7, 1850.</subfield></datafield><datafield ind1=" " ind2=" " tag="500"><subfield code="a">The name California appears within logo.</subfield></datafield><datafield ind1=" " ind2=" " tag="500"><subfield code="a">"For the steamers California and Isthmus."</subfield></datafield><datafield ind1=" " ind2=" " tag="580"><subfield code="a">Daily editions: Public balance (San Francisco, Calif. : 1850); and, Calif. public balance (San Francisco, Calif. ; 1851 : Daily).</subfield></datafield><datafield ind1=" " ind2=" " tag="580"><subfield code="a">Weekly ed.: California public balance (San Francisco, Calif. : 1851 : Weekly).</subfield></datafield><datafield ind1=" " ind2=" " tag="588"><subfield code="a">Description based on: Dec. 14, 1850.</subfield></datafield><datafield ind1=" " ind2="0" tag="651"><subfield code="a">San Francisco (Calif.)</subfield><subfield code="v">Newspapers.</subfield></datafield><datafield ind1=" " ind2="7" tag="655"><subfield code="a">Newspapers.</subfield><subfield code="2">fast</subfield><subfield code="0">(OCoLC)fst01423814</subfield></datafield><datafield ind1=" " ind2="7" tag="651"><subfield code="a">California</subfield><subfield code="z">San Francisco.</subfield><subfield code="2">fast</subfield><subfield code="0">(OCoLC)fst01204481</subfield></datafield><datafield ind1=" " ind2=" " tag="752"><subfield code="a">United States</subfield><subfield code="b">California</subfield><subfield code="c">San Francisco</subfield><subfield code="d">San Francisco.</subfield></datafield><datafield ind1="1" ind2=" " tag="775"><subfield code="t">Public balance (San Francisco, Calif. : 1850)</subfield><subfield code="w">(DLC)sn 84027204</subfield></datafield><datafield ind1="1" ind2=" " tag="775"><subfield code="t">California public balance (San Francisco, Calif. : 1851 : Daily)</subfield><subfield code="w">(DLC)sn 82015726</subfield></datafield><datafield ind1="1" ind2=" " tag="775"><subfield code="t">California public balance (San Francisco, Calif. : 1851 : Weekly)</subfield><subfield code="w">(DLC)sn 84027205</subfield></datafield></record>